@Misc{APUNTESMGH,
 title =     {Apuntes de Michael sobre herramientas de monitorización},
 note = {\url{http://www.ctr.unican.es/asignaturas/dec/Doc/cap8-instrumentacion-del-sistema-2en1.pdf}}
}

@Misc{MANTOP,
 title =     {Página man de top},
 note = {Recomendamos utilizar el sistema dwww: \url{http://localhost/dwww} y luego ir a "manual pages"}
}

@Misc{MANTIME,
 title =     {Página man de time},
 note = {Recomendamos utilizar el sistema dwww: \url{http://localhost/dwww} y luego ir a "manual pages"}
}


